@book{姚慕生2008高等代数学,
  title={高等代数学},
  author={姚慕生 and 吴泉水 and 谢启鸿},
  year={2008},
  publisher={复旦大学出版社}
}

@book{horn2012matrix,
  title={Matrix analysis},
  author={Horn, Roger A and Johnson, Charles R},
  year={2012},
  publisher={Cambridge university press}
}


@book{蒋尔雄1978线性代数,
    author = {蒋尔雄 and 高坤敏 and 吴景琨},
    title = {线性代数},
    publisher = {人民教育出版社, 上海},
    year = {1978}
}

@book{whitneycomplex,
    author = {Whitney, H},
    title = {Complex Analytic Varieties},
    publisher = {Addison-Wesley Publishing Company},
    year = {1972}
}

@book{rudin_2015_real,
  author = {Rudin, Walter and Tata Mcgraw-Hill Publishing Company},
  publisher = {Mcgraw Hill Education India},
  title = {Real and complex analysis},
  year = {2015}
}

@article{chevalley1955invariants,
  title={Invariants of finite groups generated by reflections},
  author={Chevalley, Claude},
  journal={American Journal of Mathematics},
  volume={77},
  number={4},
  pages={778--782},
  year={1955},
  publisher={JSTOR}
}

@book{hungerford2012algebra,
  title={Algebra},
  author={Hungerford, Thomas W},
  volume={73},
  year={2012},
  publisher={Springer Science \& Business Media}
}